<record xmlns="http://www.loc.gov/MARC21/slim" xmlns:xsi="http://www.w3.org/2001/XMLSchema-instance" xsi:schemaLocation="http://www.loc.gov/MARC21/slim http://www.loc.gov/standards/marcxml/schema/MARC21slim.xsd">

  <leader>00843nam a2200229Ia 4500</leader>
  <datafield ind2=" " ind1=" " tag="999">
    <subfield code="c">1405</subfield>
    <subfield code="d">1405</subfield>
  </datafield>
  <controlfield tag="008">170808b1992    cr ||||| |||| 00| | spa d</controlfield>
  <datafield ind2=" " tag="090" ind1=" ">
    <subfield code="a">06.01.01 </subfield>
    <subfield code="b">633</subfield>
  </datafield>
  <datafield ind2=" " ind1="2" tag="111">
    <subfield code="a">Encuentro Nacional de Investigadores en Educación [ 6° : 1992 : San José, C.R.]</subfield>
    <subfield code="9">3051</subfield>
  </datafield>
  <datafield ind2="0" ind1="1" tag="245">
    <subfield code="a">Compendio de resúmenes</subfield>
  </datafield>
  <datafield tag="260" ind1=" " ind2=" ">
    <subfield code="a">San José, Costa Rica. : </subfield>
    <subfield code="b">Departamento Impresos Rápidos de la UNED, </subfield>
    <subfield code="c">1992</subfield>
  </datafield>
  <datafield ind2=" " ind1=" " tag="300">
    <subfield code="a">98 páginas</subfield>
  </datafield>
  <datafield tag="650" ind1="1" ind2="4">
    <subfield code="a">INVESTIGACIÓN EDUCATIVA</subfield>
    <subfield code="9">326</subfield>
  </datafield>
  <datafield tag="650" ind1="1" ind2="4">
    <subfield code="a">PARTICIPACIÓN COMUNITARIA</subfield>
    <subfield code="9">2303</subfield>
  </datafield>
  <datafield ind2="4" tag="650" ind1="1">
    <subfield code="9">8</subfield>
    <subfield code="a">EDUCACIÓN SUPERIOR</subfield>
  </datafield>
  <datafield ind1="1" tag="650" ind2="4">
    <subfield code="a">CALIDAD DE LA EDUCACIÓN</subfield>
    <subfield code="9">11</subfield>
  </datafield>
  <datafield ind1="1" tag="650" ind2="4">
    <subfield code="a">FORMACIÓN DE DOCENTES</subfield>
    <subfield code="9">9</subfield>
  </datafield>
  <datafield tag="650" ind1="1" ind2="4">
    <subfield code="a">RENDIMIENTO ACADÉMICO</subfield>
    <subfield code="9">1095</subfield>
  </datafield>
  <datafield ind2="4" ind1="1" tag="650">
    <subfield code="a">EVALUACIÓN </subfield>
    <subfield code="9">287</subfield>
  </datafield>
  <datafield tag="650" ind1="1" ind2="4">
    <subfield code="a">CONFERENCIA</subfield>
    <subfield code="9">506</subfield>
  </datafield>
  <datafield ind1="1" tag="710" ind2=" ">
    <subfield code="a">Comisión Nacional Coordinadora de la Investigación Educativa</subfield>
    <subfield code="9">3052</subfield>
  </datafield>
  <datafield ind2=" " ind1=" " tag="942">
    <subfield code="2">z</subfield>
    <subfield code="c">01</subfield>
  </datafield>
</record>